@misc{_2020_face_w,
  author       = {Wobot Intelligence},
  title        = {Face Mask Detection Dataset},
  url          = {https://www.kaggle.com/datasets/wobotintelligence/face-mask-detection-dataset},
  urldate      = {2022-06-01},
  year         = {2020},
  organization = {www.kaggle.com}
}

@misc{_2022_n95,
  author       = {COFFEE124},
  month        = {06},
  title        = {N95 Face Mask},
  url          = {https://www.kaggle.com/datasets/coffee124/facemaskn95},
  urldate      = {2022-06-04},
  year         = {2022},
  organization = {www.kaggle.com}
}